@article{Lombardi:2011:SVC:1988082.1988317,
	author = {Lombardi, Flavio and Di Pietro, Roberto},
	title = {Secure Virtualization for Cloud Computing},
	journal = {J. Netw. Comput. Appl.},
	issue_date = {July, 2011},
	volume = {34},
	number = {4},
	month = jul,
	year = {2011},
	issn = {1084-8045},
	pages = {1113--1122},
	numpages = {10},
	url = {http://dx.doi.org/10.1016/j.jnca.2010.06.008},
	doi = {10.1016/j.jnca.2010.06.008},
	acmid = {1988317},
	publisher = {Academic Press Ltd.},
	address = {London, UK, UK},
	keywords = {Cloud computing, Security, Virtualization technologies},
} 
@INPROCEEDINGS{5474674, 
	author={Dillon, T. and Chen Wu and Chang, E.}, 
	booktitle={Advanced Information Networking and Applications (AINA), 2010 24th IEEE International Conference on}, 
	title={Cloud Computing: Issues and Challenges}, 
	year={2010}, 
	month={April}, 
	pages={27-33}, 
	keywords={Internet;grid computing;open systems;software architecture;ICT industry;cloud computing;cloud interoperability;grid computing;service-oriented Computing;Australia;Cloud computing;Computer networks;Distributed computing;Ecosystems;File servers;Grid computing;Intelligent networks;NIST;Physics computing;Cloud computing;Distributed Comptuing;Servcice-Oriented Computing;Web Services}, 
	doi={10.1109/AINA.2010.187}, 
	ISSN={1550-445X},
}
@article{USR'02,
	author = {Urgaonkar, Bhuvan and Shenoy, Prashant and Roscoe, Timothy},
	title = {Resource Overbooking and Application Profiling in Shared Hosting Platforms},
	journal = {SIGOPS Oper. Syst. Rev.},
	issue_date = {Winter 2002},
	volume = {36},
	number = {SI},
	month = dec,
	year = {2002},
	issn = {0163-5980},
	pages = {239--254},
	numpages = {16},
	url = {http://doi.acm.org/10.1145/844128.844151},
	doi = {10.1145/844128.844151},
	acmid = {844151},
	publisher = {ACM},
	address = {New York, NY, USA},
} 
@misc{dedicated_hosting,
	title = {Dedicated hosting service},
	URL = {http://en.wikipedia.org/wiki/Dedicated_hosting_service},
}
@misc{maintenance_framework,
	author = {Bob Woolley},
	title = {A Framework for Developing and Evaluating Data Center Maintenance Programs},
	URL={http://www.apcmedia.com/salestools/VAVR-8S5KPY/VAVR-8S5KPY_R0_EN.pdf},
}
@inproceedings{Feng:2012:RMU:2410143.2410714,
	author = {Feng, Guofu and Garg, Saurabh and Buyya, Rajkumar and Li, Wenzhong},
	title = {Revenue Maximization Using Adaptive Resource Provisioning in Cloud Computing Environments},
	booktitle = {Proceedings of the 2012 ACM/IEEE 13th International Conference on Grid Computing},
	series = {GRID '12},
	year = {2012},
	isbn = {978-0-7695-4815-9},
	pages = {192--200},
	numpages = {9},
	url = {http://dx.doi.org/10.1109/Grid.2012.16},
	doi = {10.1109/Grid.2012.16},
	acmid = {2410714},
	publisher = {IEEE Computer Society},
	address = {Washington, DC, USA},
	keywords = {Cloud Computing, Service Level Agreement, Resource Allocation},
} 
@inproceedings{Hettiarachchi:2012:DAT:2224483.2224995,
	author = {Hettiarachchi, Pradeep M. and Fisher, Nathan and Ahmed, Masud and Wang, Le Yi and Wang, Shinan and Shi, Weisong},
	title = {The Design and Analysis of Thermal-Resilient Hard-Real-Time Systems},
	booktitle = {Proceedings of the 2012 IEEE 18th Real Time and Embedded Technology and Applications Symposium},
	series = {RTAS '12},
	year = {2012},
	isbn = {978-0-7695-4667-4},
	pages = {67--76},
	numpages = {10},
	url = {http://dx.doi.org/10.1109/RTAS.2012.17},
	doi = {10.1109/RTAS.2012.17},
	acmid = {2224995},
	publisher = {IEEE Computer Society},
	address = {Washington, DC, USA},
	keywords = {thermal resiliency, multi-mode system, thermalaware system, thermal-aware periodic resource},
} 
@inproceedings{Sridharan:2011:DRV:2120969.2121744,
	author = {Sridharan, Mukundan and Calyam, Prasad and Venkataraman, Aishwarya and Berryman, Alex},
	title = {Defragmentation of Resources in Virtual Desktop Clouds for Cost-Aware Utility-Optimal Allocation},
	booktitle = {Proceedings of the 2011 Fourth IEEE International Conference on Utility and Cloud Computing},
	series = {UCC '11},
	year = {2011},
	isbn = {978-0-7695-4592-9},
	pages = {253--260},
	numpages = {8},
	url = {http://dx.doi.org/10.1109/UCC.2011.41},
	doi = {10.1109/UCC.2011.41},
	acmid = {2121744},
	publisher = {IEEE Computer Society},
	address = {Washington, DC, USA},
	keywords = {Virtual Desktop Clouds, Resource Defragmentation, Optimal Resource Allocation, Greedy Heuristic},
} 
@article{DBLP:journals/corr/abs-1006-0308,
	author    = {Rajkumar Buyya and
		Anton Beloglazov and
			Jemal H. Abawajy},
	title     = {Energy-Efficient Management of Data Center Resources for
		Cloud Computing: A Vision, Architectural Elements, and Open
			Challenges},
	journal   = {CoRR},
	volume    = {abs/1006.0308},
	year      = {2010},
	ee        = {http://arxiv.org/abs/1006.0308},
	bibsource = {DBLP, http://dblp.uni-trier.de}
}

@article{Beloglazov2012755,
	title = "Energy-aware resource allocation heuristics for efficient management of data centers for Cloud computing ",
	journal = "Future Generation Computer Systems ",
	volume = "28",
	number = "5",
	pages = "755 - 768",
	year = "2012",
	note = "Special Section: Energy efficiency in large-scale distributed systems ",
	issn = "0167-739X",
	doi = "http://dx.doi.org/10.1016/j.future.2011.04.017",
	url = "http://www.sciencedirect.com/science/article/pii/S0167739X11000689",
	author = "Anton Beloglazov and Jemal Abawajy and Rajkumar Buyya",
	keywords = {Energy efficiency, Green IT, Cloud computing, Resource management, Virtualization, Dynamic consolidation},
}
@inproceedings{Chase:2001:MES:502034.502045,
	author = {Chase, Jeffrey S. and Anderson, Darrell C. and Thakar, Prachi N. and Vahdat, Amin M. and Doyle, Ronald P.},
	title = {Managing Energy and Server Resources in Hosting Centers},
	booktitle = {Proceedings of the Eighteenth ACM Symposium on Operating Systems Principles},
	series = {SOSP '01},
	year = {2001},
	isbn = {1-58113-389-8},
	location = {Banff, Alberta, Canada},
	pages = {103--116},
	numpages = {14},
	url = {http://doi.acm.org/10.1145/502034.502045},
	doi = {10.1145/502034.502045},
	acmid = {502045},
	publisher = {ACM},
	address = {New York, NY, USA},
} 
@inproceedings{Beloglazov:2010:EER:1844765.1845139,
	author = {Beloglazov, Anton and Buyya, Rajkumar},
	title = {Energy Efficient Resource Management in Virtualized Cloud Data Centers},
	booktitle = {Proceedings of the 2010 10th IEEE/ACM International Conference on Cluster, Cloud and Grid Computing},
	series = {CCGRID '10},
	year = {2010},
	isbn = {978-0-7695-4039-9},
	pages = {826--831},
	numpages = {6},
	url = {http://dx.doi.org/10.1109/CCGRID.2010.46},
	doi = {10.1109/CCGRID.2010.46},
	acmid = {1845139},
	publisher = {IEEE Computer Society},
	address = {Washington, DC, USA},
	keywords = {Energy efficiency, Cloud computing, Energy consumption, Green IT, Resource management, Virtualization, Allocation of virtual machines, Live migration of virtual machines},
} 

